<collection xmlns="http://www.loc.gov/MARC21/slim">
<record>
  <leader>04918nam0a2200793 i 450 </leader>
  <controlfield tag="001">IT\ICCU\CNCE\029489</controlfield>
  <controlfield tag="005">20181106000000.0</controlfield>
  <datafield tag="012" ind1=" " ind2=" ">
    <subfield code="a">S.2. emus emt. alnu (3) 1531 (R)</subfield>
    <subfield code="2">fei</subfield>
  </datafield>
  <datafield tag="100" ind1=" " ind2=" ">
    <subfield code="a">19971120d1531        0itac0103    ba</subfield>
  </datafield>
  <datafield tag="101" ind1=" " ind2=" ">
    <subfield code="a">LAT</subfield>
  </datafield>
  <datafield tag="102" ind1=" " ind2=" ">
    <subfield code="a">IT</subfield>
  </datafield>
  <datafield tag="200" ind1="1" ind2=" ">
    <subfield code="a">℗Albertii Pii Carporum comitis illustrissimi et viri longe doctissimi, ℗Praeter praefationem &amp; operis conclusionem, tres &amp; uiginti libri in locos lucubrationum uariarum d. Erasmi Rhoterodami, quos censet ab eo recognoscendos &amp; retractandos</subfield>
  </datafield>
  <datafield tag="210" ind1=" " ind2=" ">
    <subfield code="a">\Venezia</subfield>
    <subfield code="c">Lucantonio Giunta il vecchio!</subfield>
    <subfield code="d">1531</subfield>
    <subfield code="e">Venetijs</subfield>
    <subfield code="g">in aedibus Lucae Antonij Iuntae Florentini</subfield>
    <subfield code="h">1531 Nonis Septembris</subfield>
  </datafield>
  <datafield tag="215" ind1=" " ind2=" ">
    <subfield code="a">\8!, 193, \1! c.</subfield>
    <subfield code="d">fol.</subfield>
  </datafield>
  <datafield tag="620" ind1=" " ind2=" ">
    <subfield code="a">IT</subfield>
    <subfield code="d">Venezia</subfield>
  </datafield>
  <datafield tag="700" ind1=" " ind2="1">
    <subfield code="a">Pio,</subfield>
    <subfield code="b">Alberto</subfield>
    <subfield code="3">IT\ICCU\CNCA\008421</subfield>
  </datafield>
  <datafield tag="702" ind1=" " ind2="0">
    <subfield code="a">Erasmus</subfield>
    <subfield code="c"> : Roterodamus</subfield>
    <subfield code="3">IT\ICCU\CNCA\000155</subfield>
  </datafield>
  <datafield tag="712" ind1="0" ind2="0">
    <subfield code="a">Giunta, Lucantonio</subfield>
    <subfield code="c"> &lt;1.&gt;</subfield>
    <subfield code="3">IT\ICCU\CNCT\002111</subfield>
    <subfield code="4">650</subfield>
  </datafield>
  <datafield tag="790" ind1=" " ind2="1">
    <subfield code="a">Pio di Carpi,</subfield>
    <subfield code="b">Alberto</subfield>
    <subfield code="3">IT\ICCU\CNCA\026095</subfield>
    <subfield code="z">Pio, Alberto</subfield>
  </datafield>
  <datafield tag="790" ind1=" " ind2="1">
    <subfield code="a">Pius,</subfield>
    <subfield code="b">Albertus</subfield>
    <subfield code="3">IT\ICCU\CNCA\026096</subfield>
    <subfield code="z">Pio, Alberto</subfield>
  </datafield>
  <datafield tag="790" ind1=" " ind2="1">
    <subfield code="a">Geertszoom,</subfield>
    <subfield code="b">Erazm</subfield>
    <subfield code="3">IT\ICCU\CNCA\014087</subfield>
    <subfield code="z">Erasmus : Roterodamus</subfield>
  </datafield>
  <datafield tag="790" ind1=" " ind2="0">
    <subfield code="a">Erasmo</subfield>
    <subfield code="c"> : da#Rotterdam</subfield>
    <subfield code="3">IT\ICCU\CNCA\014177</subfield>
    <subfield code="z">Erasmus : Roterodamus</subfield>
  </datafield>
  <datafield tag="790" ind1=" " ind2="1">
    <subfield code="a">Erasmus,</subfield>
    <subfield code="b">Desiderius</subfield>
    <subfield code="3">IT\ICCU\CNCA\014178</subfield>
    <subfield code="z">Erasmus : Roterodamus</subfield>
  </datafield>
  <datafield tag="790" ind1=" " ind2="1">
    <subfield code="a">Geertsz,</subfield>
    <subfield code="b">Geert</subfield>
    <subfield code="3">IT\ICCU\CNCA\017421</subfield>
    <subfield code="z">Erasmus : Roterodamus</subfield>
  </datafield>
  <datafield tag="790" ind1=" " ind2="0">
    <subfield code="a">Erasmus Desiderius</subfield>
    <subfield code="c"> : Roterodamus</subfield>
    <subfield code="3">IT\ICCU\CNCA\018661</subfield>
    <subfield code="z">Erasmus : Roterodamus</subfield>
  </datafield>
  <datafield tag="790" ind1=" " ind2="0">
    <subfield code="a">Erasmus</subfield>
    <subfield code="3">IT\ICCU\CNCA\023311</subfield>
    <subfield code="z">Erasmus : Roterodamus</subfield>
  </datafield>
  <datafield tag="790" ind1=" " ind2="0">
    <subfield code="a">Desiderius Erasmus</subfield>
    <subfield code="c"> : Roterodamus</subfield>
    <subfield code="3">IT\ICCU\CNCA\023312</subfield>
    <subfield code="z">Erasmus : Roterodamus</subfield>
  </datafield>
  <datafield tag="790" ind1=" " ind2="0">
    <subfield code="a">Erasmo</subfield>
    <subfield code="c"> : da#Rotorodamo</subfield>
    <subfield code="3">IT\ICCU\CNCA\023313</subfield>
    <subfield code="z">Erasmus : Roterodamus</subfield>
  </datafield>
  <datafield tag="791" ind1="0" ind2="0">
    <subfield code="a">Zontis, Lucas Antonius de</subfield>
    <subfield code="3">IT\ICCU\CNCT\003892</subfield>
    <subfield code="z">Giunta, Lucantonio &lt;1.&gt;</subfield>
  </datafield>
  <datafield tag="791" ind1="0" ind2="0">
    <subfield code="a">Giunti, Lucantonio</subfield>
    <subfield code="c"> &lt;1&gt;</subfield>
    <subfield code="3">IT\ICCU\CNCT\004926</subfield>
    <subfield code="z">Giunta, Lucantonio &lt;1.&gt;</subfield>
  </datafield>
  <datafield tag="791" ind1="0" ind2="0">
    <subfield code="a">Gionta, Lucantonio de</subfield>
    <subfield code="3">IT\ICCU\CNCT\004928</subfield>
    <subfield code="z">Giunta, Lucantonio &lt;1.&gt;</subfield>
  </datafield>
  <datafield tag="791" ind1="0" ind2="0">
    <subfield code="a">Giuntis, Lucas Antonius de</subfield>
    <subfield code="3">IT\ICCU\CNCT\004929</subfield>
    <subfield code="z">Giunta, Lucantonio &lt;1.&gt;</subfield>
  </datafield>
  <datafield tag="791" ind1="0" ind2="0">
    <subfield code="a">Zonta, Lucantonio</subfield>
    <subfield code="3">IT\ICCU\CNCT\004930</subfield>
    <subfield code="z">Giunta, Lucantonio &lt;1.&gt;</subfield>
  </datafield>
  <datafield tag="801" ind1=" " ind2="3">
    <subfield code="a">IT</subfield>
    <subfield code="b">ICCU</subfield>
    <subfield code="c">20201114</subfield>
  </datafield>
  <datafield tag="899" ind1=" " ind2=" ">
    <subfield code="a">Biblioteca estera - Biblioteca Universidad Complutense de Madrid. Madrid</subfield>
    <subfield code="1">AA0002</subfield>
  </datafield>
  <datafield tag="899" ind1=" " ind2=" ">
    <subfield code="a">Biblioteca comunale. Cupramontana</subfield>
    <subfield code="1">AN0031</subfield>
    <subfield code="2">URB C4</subfield>
  </datafield>
  <datafield tag="899" ind1=" " ind2=" ">
    <subfield code="a">Biblioteca del Seminario vescovile. Asti</subfield>
    <subfield code="1">AT0005</subfield>
    <subfield code="2">TO0 45</subfield>
  </datafield>
  <datafield tag="899" ind1=" " ind2=" ">
    <subfield code="a">Biblioteca civica A. Mai. Bergamo</subfield>
    <subfield code="1">BG0026</subfield>
    <subfield code="2">LO1 02</subfield>
  </datafield>
  <datafield tag="899" ind1=" " ind2=" ">
    <subfield code="a">Biblioteca del Clero di S. Alessandro in Colonna (depositata presso Bibl. mons. G.M. Radini Tedeschi). Bergamo</subfield>
    <subfield code="1">BG0043</subfield>
    <subfield code="2">LO1 56</subfield>
  </datafield>
  <datafield tag="899" ind1=" " ind2=" ">
    <subfield code="a">Biblioteca del Seminario vescovile. Crema</subfield>
    <subfield code="1">CR0055</subfield>
    <subfield code="2">PBE B8</subfield>
  </datafield>
  <datafield tag="899" ind1=" " ind2=" ">
    <subfield code="a">Biblioteca Apostolica Vaticana. Citt ̉del Vaticano</subfield>
    <subfield code="1">EX0001</subfield>
    <subfield code="2">ZCV 01</subfield>
  </datafield>
  <datafield tag="899" ind1=" " ind2=" ">
    <subfield code="a">Biblioteca comunale Francesco Antolisei. San Severino Marche</subfield>
    <subfield code="1">MC0075</subfield>
    <subfield code="2">UMC FA</subfield>
  </datafield>
  <datafield tag="899" ind1=" " ind2=" ">
    <subfield code="a">Biblioteca nazionale Braidense. Milano</subfield>
    <subfield code="1">MI0185</subfield>
    <subfield code="2">MIL NB</subfield>
  </datafield>
  <datafield tag="899" ind1=" " ind2=" ">
    <subfield code="a">Biblioteca e Archivio della veneranda fabbrica del Duomo. Milano</subfield>
    <subfield code="1">MI0191</subfield>
    <subfield code="2">LO1 4A</subfield>
  </datafield>
  <datafield tag="899" ind1=" " ind2=" ">
    <subfield code="a">Biblioteca Estense Universitaria. Modena</subfield>
    <subfield code="1">MO0089</subfield>
    <subfield code="2">MOD BE</subfield>
  </datafield>
  <datafield tag="899" ind1=" " ind2=" ">
    <subfield code="a">Biblioteca nazionale Vittorio Emanuele III. Napoli</subfield>
    <subfield code="1">NA0079</subfield>
    <subfield code="2">NAP BN</subfield>
  </datafield>
  <datafield tag="899" ind1=" " ind2=" ">
    <subfield code="a">Biblioteca universitaria. Padova</subfield>
    <subfield code="1">PD0158</subfield>
    <subfield code="2">PUV 00</subfield>
  </datafield>
  <datafield tag="899" ind1=" " ind2=" ">
    <subfield code="a">Biblioteca comunale Sperelliana. Gubbio</subfield>
    <subfield code="z">MUTILO</subfield>
    <subfield code="1">PG0049</subfield>
    <subfield code="2">UM1 11</subfield>
  </datafield>
  <datafield tag="899" ind1=" " ind2=" ">
    <subfield code="a">Biblioteca S. Basilio del Seminario arcivescovile. Perugia</subfield>
    <subfield code="1">PG0146</subfield>
    <subfield code="2">UM1 45</subfield>
  </datafield>
  <datafield tag="899" ind1=" " ind2=" ">
    <subfield code="a">Biblioteca Dominicini. Perugia</subfield>
    <subfield code="1">PG0151</subfield>
    <subfield code="2">UM1 40</subfield>
  </datafield>
  <datafield tag="899" ind1=" " ind2=" ">
    <subfield code="a">Biblioteca dei padri Carmelitani scalzi. Pisa</subfield>
    <subfield code="1">PI0046</subfield>
    <subfield code="2">PBE M5</subfield>
  </datafield>
  <datafield tag="899" ind1=" " ind2=" ">
    <subfield code="a">Biblioteca universitaria. Pisa</subfield>
    <subfield code="1">PI0112</subfield>
    <subfield code="2">PIS R1</subfield>
  </datafield>
  <datafield tag="899" ind1=" " ind2=" ">
    <subfield code="a">Biblioteca Palatina. Parma</subfield>
    <subfield code="1">PR0072</subfield>
    <subfield code="2">PAR PA</subfield>
  </datafield>
  <datafield tag="899" ind1=" " ind2=" ">
    <subfield code="a">Biblioteca del Collegio Ghislieri. Pavia</subfield>
    <subfield code="1">PV0079</subfield>
    <subfield code="2">PAV C2</subfield>
  </datafield>
  <datafield tag="899" ind1=" " ind2=" ">
    <subfield code="a">Biblioteca universitaria. Pavia</subfield>
    <subfield code="1">PV0291</subfield>
    <subfield code="2">MIL UP</subfield>
  </datafield>
  <datafield tag="899" ind1=" " ind2=" ">
    <subfield code="a">Biblioteca  Panizzi. Reggio Emilia</subfield>
    <subfield code="1">RE0052</subfield>
    <subfield code="2">RE2 PA</subfield>
  </datafield>
  <datafield tag="899" ind1=" " ind2=" ">
    <subfield code="a">Biblioteca nazionale centrale. Roma</subfield>
    <subfield code="1">RM0267</subfield>
    <subfield code="2">BVE CR</subfield>
  </datafield>
  <datafield tag="899" ind1=" " ind2=" ">
    <subfield code="a">Biblioteca Angelica. Roma</subfield>
    <subfield code="1">RM0290</subfield>
    <subfield code="2">RML 06</subfield>
  </datafield>
  <datafield tag="899" ind1=" " ind2=" ">
    <subfield code="a">Biblioteca Casanatense. Roma</subfield>
    <subfield code="1">RM0313</subfield>
    <subfield code="2">RML 07</subfield>
  </datafield>
  <datafield tag="899" ind1=" " ind2=" ">
    <subfield code="a">Biblioteca del Pontificio Ateneo Antonianum. Roma</subfield>
    <subfield code="z">MUTILO</subfield>
    <subfield code="1">RM0692</subfield>
    <subfield code="2">ZRM 44</subfield>
  </datafield>
  <datafield tag="899" ind1=" " ind2=" ">
    <subfield code="a">Biblioteca comunale. Trento</subfield>
    <subfield code="1">TN0121</subfield>
    <subfield code="2">ZTN 01</subfield>
  </datafield>
  <datafield tag="899" ind1=" " ind2=" ">
    <subfield code="a">Biblioteca Arcivescovile. Udine</subfield>
    <subfield code="1">UD0100</subfield>
    <subfield code="2">ZUD 11</subfield>
  </datafield>
  <datafield tag="899" ind1=" " ind2=" ">
    <subfield code="a">Biblioteca del Seminario arcivescovile di Milano. Venegono Inferiore</subfield>
    <subfield code="1">VA0122</subfield>
    <subfield code="2">ZVA 04</subfield>
  </datafield>
  <datafield tag="899" ind1=" " ind2=" ">
    <subfield code="a">Biblioteca nazionale Marciana. Venezia</subfield>
    <subfield code="1">VE0049</subfield>
    <subfield code="2">VEA BM</subfield>
  </datafield>
  <datafield tag="899" ind1=" " ind2=" ">
    <subfield code="a">Biblioteca civica Bertoliana. Vicenza</subfield>
    <subfield code="1">VI0096</subfield>
    <subfield code="2">VIA BE</subfield>
  </datafield>
  <datafield tag="911" ind1=" " ind2=" ">
    <subfield code="a">Sul front.</subfield>
    <subfield code="9">IT\ICCU\CNCM\001020</subfield>
  </datafield>
  <datafield tag="911" ind1=" " ind2=" ">
    <subfield code="a">Nel coloph.</subfield>
    <subfield code="9">IT\ICCU\CNCM\000146</subfield>
  </datafield>
  <datafield tag="921" ind1=" " ind2=" ">
    <subfield code="a">IT\ICCU\CNCM\001020</subfield>
    <subfield code="b">Giglio fiorentino e iniziali L A circondati da ghirlanda sorretta da due putti.</subfield>
    <subfield code="c">U63</subfield>
    <subfield code="d">Dimensioni: 8,2 x 10,5</subfield>
    <subfield code="f">GIGLIO</subfield>
    <subfield code="f">GHIRLANDA</subfield>
    <subfield code="f">PUTTI</subfield>
    <subfield code="g">1531-1557</subfield>
  </datafield>
  <datafield tag="921" ind1=" " ind2=" ">
    <subfield code="a">IT\ICCU\CNCM\000146</subfield>
    <subfield code="b">Giglio fiorentino e iniziali L.A.</subfield>
    <subfield code="c">K222</subfield>
    <subfield code="c">Z624</subfield>
    <subfield code="d">Dimensioni: 5,8 x 8,3</subfield>
    <subfield code="f">GIGLIO</subfield>
    <subfield code="f">LA</subfield>
    <subfield code="g">1523-1553</subfield>
  </datafield>
</record>
</collection>
